<?xml version="1.0" encoding="UTF-8"?><collection xmlns="http://www.loc.gov/MARC21/slim"><record><leader>00337nam--2200133-i-4500</leader><controlfield tag="001">000025793</controlfield><controlfield tag="002">20161230</controlfield><controlfield tag="005">20161230201036</controlfield><controlfield tag="008">060222s1000------------r-----000-0-eng-d</controlfield><datafield ind1=" " ind2=" " tag="080"><subfield code="a">539.61:541.1</subfield></datafield><datafield ind1=" " ind2=" " tag="100"><subfield code="a">Kaelble, D.H</subfield></datafield><datafield ind1=" " ind2=" " tag="245"><subfield code="a">Physical chemistry of adhesion</subfield></datafield><datafield ind1=" " ind2=" " tag="260"><subfield code="a">New York, Wiley-intersciencem 1971, X + 507p</subfield></datafield><datafield ind1=" " ind2=" " tag="852"><subfield code="a">76042</subfield></datafield></record></collection>